<record><leader>00000cas a2200000 a 4500</leader><controlfield tag="001">31683336</controlfield><controlfield tag="008">941212d193619uucauwr ne      0    0eng c</controlfield><datafield ind1=" " ind2=" " tag="010"><subfield code="a">sn 94051702 </subfield></datafield><datafield ind1=" " ind2=" " tag="040"><subfield code="a">CNK</subfield><subfield code="b">eng</subfield><subfield code="c">CNK</subfield><subfield code="d">OCLCQ</subfield><subfield code="d">OCLCF</subfield><subfield code="d">OCLCO</subfield></datafield><datafield ind1="1" ind2=" " tag="029"><subfield code="a">AU@</subfield><subfield code="b">000011427449</subfield></datafield><datafield ind1=" " ind2=" " tag="042"><subfield code="a">pcc</subfield></datafield><datafield ind1=" " ind2=" " tag="043"><subfield code="a">n-us-ca</subfield></datafield><datafield ind1="0" ind2="0" tag="245"><subfield code="a">Laguna life.</subfield></datafield><datafield ind1=" " ind2=" " tag="260"><subfield code="a">[Laguna Beach, Calif.] :</subfield><subfield code="b">South Coast News</subfield></datafield><datafield ind1=" " ind2=" " tag="300"><subfield code="a">v.</subfield></datafield><datafield ind1=" " ind2=" " tag="310"><subfield code="a">Weekly,</subfield><subfield code="b">Oct. 9, 1936-</subfield></datafield><datafield ind1=" " ind2=" " tag="321"><subfield code="a">Semiweekly,</subfield><subfield code="b">June 26-Oct. 6, 1936</subfield></datafield><datafield ind1="0" ind2=" " tag="362"><subfield code="a">Vol. 1, no. 1 (June 26, 1936)-</subfield></datafield><datafield ind1=" " ind2=" " tag="500"><subfield code="a">June 26, 1936 issue carries statement: "With this issue ... we will welcome back an old friend, Laguna Life, which was absorbed by South Coast News in August 1928."</subfield></datafield><datafield ind1=" " ind2="0" tag="651"><subfield code="a">Laguna Beach (Calif.)</subfield><subfield code="v">Newspapers.</subfield></datafield><datafield ind1=" " ind2="7" tag="655"><subfield code="a">Newspapers.</subfield><subfield code="2">fast</subfield><subfield code="0">(OCoLC)fst01423814</subfield></datafield><datafield ind1=" " ind2="7" tag="651"><subfield code="a">California</subfield><subfield code="z">Laguna Beach.</subfield><subfield code="2">fast</subfield><subfield code="0">(OCoLC)fst01206172</subfield></datafield><datafield ind1=" " ind2=" " tag="752"><subfield code="a">United States</subfield><subfield code="b">California</subfield><subfield code="c">Orange</subfield><subfield code="d">Laguna Beach.</subfield></datafield><datafield ind1="0" ind2="7" tag="780"><subfield code="a">South Coast news</subfield><subfield code="w">(DLC)sn 94051105</subfield></datafield></record>